<record><leader>00000cas a22000007a 4500</leader><controlfield tag="001">12656862</controlfield><controlfield tag="008">851010d18731875wiuwr ne      0    0eng d</controlfield><datafield ind1=" " ind2=" " tag="010"><subfield code="a">sn 85041222 </subfield></datafield><datafield ind1=" " ind2=" " tag="040"><subfield code="a">NPV</subfield><subfield code="b">eng</subfield><subfield code="c">NPV</subfield><subfield code="d">MGN</subfield><subfield code="d">OCLCQ</subfield></datafield><datafield ind1=" " ind2=" " tag="042"><subfield code="a">msc</subfield></datafield><datafield ind1=" " ind2=" " tag="045"><subfield code="a">w7w7</subfield></datafield><datafield ind1=" " ind2=" " tag="052"><subfield code="a">4123</subfield><subfield code="b">W2</subfield></datafield><datafield ind1="0" ind2="0" tag="245"><subfield code="a">Walworth County liberal.</subfield></datafield><datafield ind1=" " ind2=" " tag="260"><subfield code="a">Elkhorn, Wis. :</subfield><subfield code="b">Beckwith &amp; Kenney,</subfield><subfield code="c">-1875.</subfield></datafield><datafield ind1=" " ind2=" " tag="300"><subfield code="a">v.</subfield></datafield><datafield ind1=" " ind2=" " tag="310"><subfield code="a">Weekly</subfield></datafield><datafield ind1="1" ind2=" " tag="362"><subfield code="a">Began in 1873. Cf. Oehlerts, d. E. Guide to Wis. newspapers.</subfield></datafield><datafield ind1="0" ind2=" " tag="362"><subfield code="a">-v. 2, no. 36 (June 26, 1875).</subfield></datafield><datafield ind1=" " ind2=" " tag="500"><subfield code="a">Publishers: Beckwith, Kenney &amp; Tubbs, &lt;1874&gt;.</subfield></datafield><datafield ind1=" " ind2=" " tag="500"><subfield code="a">Editor: A.C. Beckwith, Dec. 20, 1873-Jan. 16, 1875.</subfield></datafield><datafield ind1=" " ind2=" " tag="530"><subfield code="a">Available on microfilm from the State Historical Society of Wisconsin.</subfield></datafield><datafield ind1=" " ind2=" " tag="588"><subfield code="a">Description based on: Vol. 1, no. 9 (Dec. 20, 1873).</subfield></datafield><datafield ind1=" " ind2=" " tag="752"><subfield code="a">United States</subfield><subfield code="b">Wisconsin</subfield><subfield code="c">Walworth</subfield><subfield code="d">Elkhorn.</subfield></datafield><datafield ind1="0" ind2="0" tag="785"><subfield code="t">Elkhorn liberal</subfield><subfield code="w">(DLC)sn 85041221</subfield></datafield><datafield ind1="1" ind2=" " tag="029"><subfield code="a">AU@</subfield><subfield code="b">000023532749</subfield></datafield></record>